<?xml version="1.0" encoding="UTF-8"?><collection xmlns="http://www.loc.gov/MARC21/slim"><record><leader>00540nam--2200169-u-4500</leader><controlfield tag="001">000055006</controlfield><controlfield tag="002">20161230</controlfield><controlfield tag="005">20161230201051</controlfield><controlfield tag="008">121017s1000------------r-----000-0-eng-d</controlfield><datafield ind1=" " ind2=" " tag="040"><subfield code="a">IFIN-HH</subfield></datafield><datafield ind1=" " ind2=" " tag="080"><subfield code="a">539.2:539.12.04</subfield></datafield><datafield ind1="1" ind2=" " tag="100"><subfield code="a">Pearman, George Timothy</subfield></datafield><datafield ind1="1" ind2="0" tag="245"><subfield code="a">Temperature dependence of the atomic displacements in the potassium halides</subfield><subfield code="b">Dissertation</subfield><subfield code="c">George timothy pearman</subfield></datafield><datafield ind1=" " ind2=" " tag="260"><subfield code="a">Ann Arbor, Michigan</subfield><subfield code="b">University Microfilms, Inc</subfield><subfield code="c">1967</subfield></datafield><datafield ind1=" " ind2=" " tag="300"><subfield code="a">111P+TABELE</subfield></datafield><datafield ind1=" " ind2=" " tag="852"><subfield code="a">32356</subfield><subfield code="c">539.2</subfield></datafield><datafield ind1=" " ind2=" " tag="CAT"><subfield code="a">Sys</subfield><subfield code="c">20121017</subfield><subfield code="h">120954</subfield></datafield></record></collection>